@article{yujiang.2017,
  title={Research on mobile robot path planning based on improved artificial potential field},
  author={Yujiang, Zhang and Huilin, Li},
  journal={Mathematical Models in Engineering},
  volume={3},
  number={2},
  pages={135--144},
  year={2017},
  publisher={JVE International Ltd.}
}

@INPROCEEDINGS{khatib.1985,
  author={Khatib, O.},
  booktitle={Proceedings. 1985 IEEE International Conference on Robotics and Automation}, 
  title={Real-time obstacle avoidance for manipulators and mobile robots}, 
  year={1985},
  volume={2},
  number={},
  pages={500-505},
  doi={10.1109/ROBOT.1985.1087247}}

@online{choset.2007,
  author      = {Howie Choset},
  title       = {Robotic Motion Planning: Potential Functions},
  year        = {2007},
  url         = {https://www.cs.cmu.edu/~motionplanning/lecture/Chap4-Potential-Field_howie.pdf},
  note        = {letzter Zugriff am 23.12.2023},
  organization= {CMU School of Computer Science: Robotics Institute 16-735},
}

@article{maqbool.2021,
  title={Modified 2-Way Wavefront (M2W) Algorithm for Efficient Path Planning.},
  author={Maqbool, Ayesha and Mirza, Alina and Afzal, Farkhanda},
  journal={Int. J. Comput. Intell. Syst.},
  volume={14},
  number={1},
  pages={1066--1077},
  year={2021}
}
